@BOOK{carnahan_etal:1969,
  AUTHOR =       {Carnahan, B. and Luther, H. A. and Wilkes, J. O.},
  TITLE =        {{Applied Numerical Methods}},
  PUBLISHER =    {John Wiley \& Sons, Inc.},
  YEAR =         {1969}}

@ARTICLE{clapp_hornberger:1978,
  AUTHOR =       {Clapp, R. B. and Hornberger, G.M.},
  TITLE =        {Empirical equations for some soil hydraulic properties},
  JOURNAL =      {Water Resour. Res.},
  YEAR =         {1978},
  volume =       {14},
  annote =       {)},
  pages =        {601-604}}

@ARTICLE{cote_etal:1998,
  AUTHOR =       {C\^{o}t\'{e}, J. and Gravel, S. and M\'{e}thot, A. and Patoine, A. and Roch, M. and Staniforth, A.},
  TITLE =        {The Operational CMC-MRB Global Environmental Multiscale (GEM) Model. Part I: Design Considerations and Formulation},
  JOURNAL =      {Mon. Weather Rev.},
  YEAR =         {1998},
  volume =       {126},
  annote =       {)},
  pages =        {1373-1395}}
  
@MASTERSTHESIS{davison:2003,
  AUTHOR =       {Davison, B.},
  TITLE =        {Snow accumulation in a distributed hydrological model},
  YEAR =         {2003},
  SCHOOL =       {University of Waterloo}}

@ARTICLE{dornes_etal:2008,
  AUTHOR =       {Dornes, P. F. and Tolson, B. A. and Davison, B. and Pietroniro, A. and Pomeroy, J. W. and Marsh, P.},
  TITLE =        {Regionalisation of land surface hydrological model parameters in subarctic and arctic environments},
  JOURNAL =      {Phys. Chem. Earth},
  YEAR =         {2008},
  volume =       {33},
  annote =       {)},
  pages =        {1081-1089}}

@PHDTHESIS{endrizzi:2007,
  AUTHOR =       {Endrizzi, S.},
  TITLE =        {Snow cover modelling at a local and distributed scale over complex terrain},
  YEAR =         {2007},
  SCHOOL =       {Trento}}

@ARTICLE{farouki:1981,
  AUTHOR =       {Farouki, O. T.},
  TITLE =        {The thermal properties of snow in cold regions},
  JOURNAL =      {Cold Reg. Sci.Technol.},
  YEAR =         {1981},
  volume =       {5},
  annote =       {)},
  pages =        {67-75}}

@PHDTHESIS{johansen:1975,
  AUTHOR =       {Johansen, O.},
  TITLE =        {Thermal conductivity of soils},
  YEAR =         {1975},
  SCHOOL =       {Trondheim}}

@INBOOK{kouwen_mousavi:2002,
  AUTHOR =       {Kouwen, N. and Mousavi, S. F.},
  TITLE =        {{WATFLOOD/SPL9 Hydrological Model & Flood Forecasting System}},
  CHAPTER =      {15},
  PAGES =        {649-686},
  PUBLISHER =    {Water Resources Publications - Colorado},
  YEAR =         {2002}}

@BOOK{lapidus_pinder:1999,
  AUTHOR =       {Lapidus, L. and Pinder, G. F.},
  TITLE =        {{Numerical Solution of Partial Differential Equations in Science and Engineering}},
  PUBLISHER =    {John Wiley \& Sons, Inc.},
  YEAR =         {1999}}

@ARTICLE{loukili:2008,
  AUTHOR =       {Loukili, Y. and Woodbury, A. D. and Snelgrove, K. R.},
  TITLE =        {{SABAE-HW: An Enhanced Water Balance Prediction in the Canadian Land Surface Scheme Compared with Existing Models}},
  JOURNAL =      {Vadose Zone J.},
  YEAR =         {2008},
  volume =       {7},
  annote =       {)},
  pages =        {865-877}}

@ARTICLE{manabe:1969,
  AUTHOR =       {Manabe, S.},
  TITLE =        {Climate and Ocean Circulation. 1. The atmospheric circulation and the hydrology of the earth's surface},
  JOURNAL =      {Mon. Weather Rev.},
  YEAR =         {1969},
  volume =       {97},
  annote =       {)},
  pages =        {739-774}}

@ARTICLE{pietroniro_etal:2007,
  AUTHOR =       {Pietroniro, A. and Fortin, V. and Kouwen, N. and Neal, C. and Turcotte, R. and Davison, B. and Verseghy, D. and Soulis, E. D. and Caldwell, R. and Evora, N. and Pellerin, P.},
  TITLE =        {{Development of the MESH modelling system for hydrological ensemble forecasting of the Laurentian Great Lakes at the regional scale}},
  JOURNAL =      {Hydrol. Earth Syst. Sc.},
  YEAR =         {2007},
  volume =       {11},
  annote =       {)},
  pages =        {1279-1294}}

@ARTICLE{pohl_etal:2005,
  AUTHOR =       {Pohl, S. and Davison, B. and Marsh, P. and Pietroniro, A.},
  TITLE =        {{Modelling Spatially Distributed Snowmelt and Meltwater Runoff in a Small Arctic Catchment with a Hydrology Land-Surface Scheme ({WATCLASS})}},
  JOURNAL =      {Atmos. Ocean},
  YEAR =         {2005},
  volume =       {43},
  annote =       {)},
  pages =        {193-211}}

@ARTICLE{pomeroy_etal:2007,
  AUTHOR =       {Pomeroy, J. W. and Gray, T. and Brown, T. and Hedstrom, N. R. and Quinton, W. L. and Granger, R. J. and Carey, S. K.},
  TITLE =        {{The Cold Regions Hydrological Model: A Platform for Basing Process Representation and Model Structure on Physical Evidence.}},
  JOURNAL =      {Hydrol. Process.},
  YEAR =         {2007},
  volume =       {21},
  annote =       {)},
  pages =        {2650-2667}}

@ARTICLE{rigon_etal:2006,
  AUTHOR =       {Rigon, R. and Bertoldi, B. and Over, T. M.},
  TITLE =        {{GEOtop: A Distributed Hydrological Model with Coupled Water and Energy Budgets}},
  JOURNAL =      {J. Hydrometeorol.},
  YEAR =         {2006},
  volume =       {7},
  annote =       {)},
  pages =        {371-388}}

@ARTICLE{soulis_etal:2000,
  AUTHOR =       {Soulis, E. D. and Snelgrove, K. R. and Seglenieks, F. and Verseghy, D. L.},
  TITLE =        {{Towards Closing the Vertical Water Balance in Canadian Atmospheric Models: Coupling of the Land Surface Scheme CLASS with the Distributed Hydrological Model WATFLOOD}},
  JOURNAL =      {Atmos. Ocean},
  YEAR =         {2000},
  volume =       {38},
  annote =       {)},
  pages =        {251-269}}

@BOOK{smith:1998,
  AUTHOR =       {Smith, G. D.},
  TITLE =        {{Numerical Solution of Partial Differential Equations - Finite Difference Methods}},
  PUBLISHER =    {Clarendon Press - Oxford},
  YEAR =         {1998},
  series =       {Oxford Applied Mathematics and Computing Science Series},
  edition =      {Third}}

@ARTICLE{verseghy:1991,
  AUTHOR =       {Verseghy, D.},
  TITLE =        {{CLASS - A Canadian Land Surface Scheme for GCMS. I. Soil Model}},
  JOURNAL =      {Int. J. Climatol.},
  YEAR =         {1991},
  volume =       {1},
  annote =       {)},
  pages =        {111-133}}

@ARTICLE{verseghy_etal:1993,
  AUTHOR =       {Verseghy, D. L. and McFarlane N. A. and Lazare M.},
  TITLE =        {{CLASS - A Canadian Land Surface Scheme for GCMS. II. Vegetation Model}},
  JOURNAL =      {Int. J. Climatol.},
  YEAR =         {1993},
  volume =       {13},
  annote =       {)},
  pages =        {347-370}}

@TECHREPORT{verseghy:2009,
  AUTHOR =       {Verseghy, D.},
  TITLE =        {{CLASS - The Canadian Land Surface Scheme (Version 3.4) - Technical Documentation (Version 1.1)}},
  INSTITUTION =  {Environment Canada, Climate Research Division, Science and Technology Branch},
  YEAR =         {2009}}
